@article{bauerFaktPoly,
   author  = {F. L. Bauer},
   title   = {Direkte Faktorisierung von Polynomen},
   journal = {Sitz-Ber. bayer. Akad. Wiss.1956},
   year    = {1956},
   pages   = {163â€“303}
}

@article{knuthPolynoms,
 author = {Knuth, D. E.},
 title = {Son of seminumerical algorithms},
 journal = {SIGSAM Bull.},
 volume = {9},
 number = {4},
 year = {1975},
 issn = {0163-5824},
 pages = {10--11},
 doi = {http://doi.acm.org/10.1145/1088322.1088323},
 publisher = {ACM},
 address = {New York, NY, USA},
}